% Lista de bibliografias para incluir
% ===================================================
% PYTHON: Citar bibliotecas fora da biblioteca padrão
% ---------------------------------------------------
@article{Zonca2019,
  doi = {10.21105/joss.01298},
  url = {https://doi.org/10.21105/joss.01298},
  year = {2019},
  month = mar,
  publisher = {The Open Journal},
  volume = {4},
  number = {35},
  pages = {1298},
  author = {Andrea Zonca and Leo Singer and Daniel Lenz and Martin Reinecke and Cyrille Rosset and Eric Hivon and Krzysztof Gorski},
  title = {healpy: equal area pixelization and spherical harmonics transforms for data on the sphere in Python},
  journal = {Journal of Open Source Software}
}

@ARTICLE{2005ApJ622759G,
   author = {Gorski, K.~M. and Hivon, E. and Banday, A.~J. and
	{Wandelt}, B.~D. and {Hansen}, F.~K. and {Reinecke}, M. and
	{Bartelmann}, M.},
    title = "{HEALPix: A Framework for High-Resolution Discretization and Fast Analysis of Data Distributed on the Sphere}",
  journal = {\apj},
   eprint = {arXiv:astro-ph/0409513},
 keywords = {Cosmology: Cosmic Microwave Background, Cosmology: Observations, Methods: Statistical},
     year = 2005,
    month = apr,
   volume = 622,
    pages = {759-771},
      doi = {10.1086/427976},
   adsurl = {http://adsabs.harvard.edu/abs/2005ApJ...622..759G},
  adsnote = {Provided by the SAO/NASA Astrophysics Data System}
}

@article{Delabrouille_2013,
	doi = {10.1051/0004-6361/201220019},
	url = {https://doi.org/10.1051%2F0004-6361%2F201220019},
	year = 2013,
	month = {may},
	publisher = {{EDP} Sciences},
	volume = {553},
	pages = {A96},
	author = {J. Delabrouille and M. Betoule and J.B. Melin},
	title = {The pre-launch$\less$i$\greater$Planck$\less$/i$\greater$Sky Model: a model of sky emission at submillimetre to centimetre wavelengths},
	journal = {Astronomy {\&} Astrophysics}
}

@article{Thorne_2017,
	doi = {10.1093/mnras/stx949},
	url = {https://doi.org/10.1093%2Fmnras%2Fstx949},
	year = 2017,
	month = {may},
	publisher = {Oxford University Press ({OUP})},
	volume = {469},
	number = {3},
	pages = {2821--2833},
	author = {B. Thorne and J. Dunkley and D. Alonso and S. N{\ae}ss},
	title = {The Python Sky Model: software for simulating the Galactic microwave sky},
	journal = {Monthly Notices of the Royal Astronomical Society}
}

% astropy
@ARTICLE{price2018astropy,
  title={The Astropy Project: Building an open-science project and status of the v2. 0 core package},
  author={Price-Whelan, Adrian M and Sip{\H{o}}cz, BM and G{\"u}nther, HM and Lim, PL and Crawford, SM and Conseil, S and Shupe, DL and Craig, MW and Dencheva, N and Ginsburg, A and others},
  journal={The Astronomical Journal},
  volume={156},
  number={3},
  pages={123},
  year={2018},
  publisher={IOP Publishing}
}
% matplotlib
@ARTICLE{Hunter2007,
  Author    = {Hunter, J. D.},
  Title     = {Matplotlib: A 2D graphics environment},
  Journal   = {Computing in Science \& Engineering},
  Volume    = {9},
  Number    = {3},
  Pages     = {90--95},
  abstract  = {Matplotlib is a 2D graphics package used for Python for
  application development, interactive scripting, and publication-quality
  image generation across user interfaces and operating systems.},
  publisher = {IEEE COMPUTER SOC},
  doi       = {10.1109/MCSE.2007.55},
  year      = 2007
}

% numba
@INPROCEEDINGS{lam2015numba,
  title={Numba: A llvm-based python jit compiler},
  author={Lam, Siu Kwan and Pitrou, Antoine and Seibert, Stanley},
  booktitle={Proceedings of the Second Workshop on the LLVM Compiler Infrastructure in HPC},
  pages={1--6},
  year={2015}
}

% numpy
@ARTICLE{2020NumPyArray,
  author  = {Harris, Charles R. and Millman, K. Jarrod and van der Walt, Stéfan J and Gommers, Ralf and Virtanen, Pauli and Cournapeau, David and Wieser, Eric and Taylor, Julian and Berg, Sebastian and Smith, Nathaniel J. and Kern, Robert and Picus, Matti and Hoyer, Stephan and van Kerkwijk, Marten H. and Brett, Matthew and Haldane, Allan and Fernández del Río, Jaime and Wiebe, Mark and Peterson, Pearu and Gérard-Marchant, Pierre and Sheppard, Kevin and Reddy, Tyler and Weckesser, Warren and Abbasi, Hameer and Gohlke, Christoph and Oliphant, Travis E.},
  title   = {Array programming with {NumPy}},
  journal = {Nature},
  year    = {2020},
  volume  = {585},
  pages   = {357–362},
  doi     = {10.1038/s41586-020-2649-2}
}

% pandas
@INPROCEEDINGS{mckinney2010data,
  title={Data structures for statistical computing in python},
  author={McKinney, Wes and others},
  booktitle={Proceedings of the 9th Python in Science Conference},
  volume={445},
  pages={51--56},
  year={2010},
  organization={Austin, TX}
}
% scipy
@ARTICLE{2020SciPyNMeth,
  author  = {Virtanen, Pauli and Gommers, Ralf and Oliphant, Travis E. and Haberland, Matt and Reddy, Tyler and Cournapeau, David and Burovski, Evgeni and Peterson, Pearu and Weckesser, Warren and Bright, Jonathan and {van der Walt}, St{\'e}fan J. and Brett, Matthew and Wilson, Joshua and Millman, K. Jarrod and Mayorov, Nikolay and Nelson, Andrew R. J. and Jones, Eric and Kern, Robert and Larson, Eric and Carey, C J and Polat, {\.I}lhan and Feng, Yu and Moore, Eric W. and {VanderPlas}, Jake and Laxalde, Denis and Perktold, Josef and Cimrman, Robert and Henriksen, Ian and Quintero, E. A. and Harris, Charles R. and Archibald, Anne M. and Ribeiro, Ant{\^o}nio H. and Pedregosa, Fabian and {van Mulbregt}, Paul and {SciPy 1.0 Contributors}},
  title   = {{{SciPy} 1.0: Fundamental Algorithms for Scientific Computing in Python}},
  journal = {Nature Methods},
  year    = {2020},
  volume  = {17},
  pages   = {261--272},
  adsurl  = {https://rdcu.be/b08Wh},
  doi     = {10.1038/s41592-019-0686-2},
}
% sklearn
@ARTICLE{pedregosa2011scikit,
  title={Scikit-learn: Machine learning in Python},
  author={Pedregosa, Fabian and Varoquaux, Ga{\"e}l and Gramfort, Alexandre and Michel, Vincent and Thirion, Bertrand and Grisel, Olivier and Blondel, Mathieu and Prettenhofer, Peter and Weiss, Ron and Dubourg, Vincent and others},
  journal={Journal of machine learning research},
  volume={12},
  number={Oct},
  pages={2825--2830},
  year={2011}
}
% skyfield
@MISC{2019asclsoft07024R,
       author = {{Rhodes}, Brandon},
        title = "{Skyfield: High precision research-grade positions for planets and Earth satellites generator}",
     keywords = {Software},
 howpublished = {Astrophysics Source Code Library, record ascl:1907.024},
         year = 2019,
        month = jul,
          eid = {ascl:1907.024},
        pages = {ascl:1907.024},
archivePrefix = {ascl},
       eprint = {1907.024},
       adsurl = {https://ui.adsabs.harvard.edu/abs/2019ascl.soft07024R},
      adsnote = {Provided by the SAO/NASA Astrophysics Data System}
}

%Pyccl
@article{Chisari_2019,
    doi = {10.3847/1538-4365/ab1658},

    url = {https://doi.org/10.3847%2F1538-4365%2Fab1658},

    year = 2019,
    month = {may},

    publisher = {American Astronomical Society},

    volume = {242},

    number = {1},

    pages = {2},

    author = {Nora Elisa Chisari and David Alonso and Elisabeth Krause and C. Danielle Leonard and Philip Bull and J{\'{e}
}r{\'{e}}my Neveu and Antonio Villarreal and Sukhdeep Singh and Thomas McClintock and John Ellison and Zilong Du and Joe Zuntz and Alexander Mead and Shahab Joudaki and Christiane S. Lorenz and Tilman Tröster and Javier Sanchez and Francois Lanusse and Mustapha Ishak and Ren{\'{e}}e Hlozek and Jonathan Blazek and Jean-Eric Campagne and Husni Almoubayyed and Tim Eifler and Matthew Kirby and David Kirkby and St{\'{e}}phane Plaszczynski and An{\v{z}}e Slosar and Michal Vrastil and Erika L. Wagoner and},

    title = {Core Cosmology Library: Precision Cosmological Predictions for {LSST}},

    journal = {The Astrophysical Journal Supplement Series}
}

% ===================================================
% BINGO
% ---------------------------------------------------
@ARTICLE{2020ExA50125W,
       author = {{Wuensche}, C.~A. and {Reitano}, L. and {Peel}, M.~W. and {Browne}, I.~W.~A. and {Maffei}, B. and {Abdalla}, E. and {Radcliffe}, C. and {Abdalla}, F. and {Barosi}, L. and {Liccardo}, V. and {Mericia}, E. and {Pisano}, G. and {Strauss}, C. and {Vieira}, F. and {Villela}, T. and {Wang}, B.},
        title = "{Baryon acoustic oscillations from Integrated Neutral Gas Observations: Broadband corrugated horn construction and testing}",
      journal = {Experimental Astronomy},
     keywords = {Radio astronomy, Radio telescope, Corrugated feed horn, Polariser, Astrophysics - Instrumentation and Methods for Astrophysics, Astrophysics - Cosmology and Nongalactic Astrophysics},
         year = 2020,
        month = jul,
       volume = {50},
       number = {1},
        pages = {125-144},
          doi = {10.1007/s10686-020-09666-9},
archivePrefix = {arXiv},
       eprint = {1911.13188},
 primaryClass = {astro-ph.IM},
       adsurl = {https://ui.adsabs.harvard.edu/abs/2020ExA....50..125W},
      adsnote = {Provided by the SAO/NASA Astrophysics Data System}
}

@ARTICLE{2019JAI840005P,
       author = {{Peel}, M.~W. and {Wuensche}, C.~A. and {Abdalla}, E. and {Ant{\'o}n}, S. and {Barosi}, L. and {Browne}, I.~W.~A. and {Caldas}, M. and {Dickinson}, C. and {Fornazier}, K.~S.~F. and {Monstein}, C. and {Strauss}, C. and {Tancredi}, G. and {Villela}, T.},
        title = "{Baryon Acoustic Oscillations from Integrated Neutral Gas Observations: Radio Frequency Interference Measurements and Telescope Site Selection}",
      journal = {Journal of Astronomical Instrumentation},
     keywords = {Radio telescope, radio astronomy, RFI, ADS-B, site selection, Astrophysics - Instrumentation and Methods for Astrophysics},
         year = 2019,
        month = jan,
       volume = {8},
       number = {1},
          eid = {1940005},
        pages = {1940005},
          doi = {10.1142/S2251171719400051},
archivePrefix = {arXiv},
       eprint = {1811.09464},
 primaryClass = {astro-ph.IM},
       adsurl = {https://ui.adsabs.harvard.edu/abs/2019JAI.....840005P},
      adsnote = {Provided by the SAO/NASA Astrophysics Data System}
}

@ARTICLE{BINGO01,
       author = {{Abdalla}, Elcio and {Ferreira}, Elisa G.~M. and {Landim}, Ricardo G. and {Costa}, Andre A. and {Fornazier}, Karin S.~F. and {Abdalla}, Filipe B. and {Barosi}, Luciano and {Brito}, Francisco A. and {Queiroz}, Amilcar R. and {Villela}, Thyrso and {Wang}, Bin and {Wuensche}, Carlos A. and {Marins}, Alessandro and {Novaes}, Camila P. and {Liccardo}, Vincenzo and {Shan}, Chenxi and {Zhang}, Jiajun and {Zhang}, Zhongli and {Zhu}, Zhenghao and {Browne}, Ian and {Delabrouille}, Jacques and {Santos}, Larissa and {dos Santos}, Marcelo V. and {Xu}, Haiguang and {Anton}, Sonia and {Battye}, Richard and {Chen}, Tianyue and {Dickinson}, Clive and {Ma}, Yin-Zhe and {Maffei}, Bruno and {de Mericia}, Eduardo J. and {Motta}, Pablo and {Otobone}, Carlos H.~N. and {Peel}, Michael W. and {Roychowdhury}, Sambit and {Remazeilles}, Mathieu and {Ribeiro}, Rafael M. and {Sang}, Yu and {Santos}, Joao R.~L. and {dos Santos}, Juliana F.~R. and {Silva}, Gustavo B. and {Vieira}, Frederico and {Vieira}, Jordany and {Xiao}, Linfeng and {Zhang}, Xue and {Zhu}, Yongkai},
        title = "{The BINGO Project I: Baryon Acoustic Oscillations from Integrated Neutral Gas Observations}",
      journal = {arXiv e-prints},
     keywords = {Astrophysics - Cosmology and Nongalactic Astrophysics, Astrophysics - High Energy Astrophysical Phenomena, Astrophysics - Instrumentation and Methods for Astrophysics},
         year = {2021},
        month = {jul},
          eid = {arXiv:2107.01633},
        pages = {arXiv:2107.01633},
archivePrefix = {arXiv},
       eprint = {2107.01633},
 primaryClass = {astro-ph.CO},
       adsurl = {https://ui.adsabs.harvard.edu/abs/2021arXiv210701633A},
      adsnote = {Provided by the SAO/NASA Astrophysics Data System}
}

@ARTICLE{2021arXiv210701634W,
       author = {{Wuensche}, Carlos A. and {Villela}, Thyrso and {Abdalla}, Elcio and {Liccardo}, Vincenzo and {Vieira}, Frederico and {Browne}, Ian and {Peel}, Michael W. and {Radcliffe}, Christopher and {Abdalla}, Filipe B. and {Marins}, Alessandro and {Barosi}, Luciano and {Brito}, Francisco A. and {Queiroz}, Amilcar R. and {Wang}, Bin and {Costa}, Andre A. and {Ferreira}, Elisa G.~M. and {Fornazier}, Karin S.~F. and {Landim}, Ricardo G. and {Novaes}, Camila P. and {Santos}, Larissa and {dos Santos}, Marcelo V. and {Zhang}, Jiajun and {Chen}, Tianyue and {Delabrouille}, Jacques and {Dickinson}, Clive and {de Gasperis}, Giancarlo and {Gurj{\~a}o}, Edmar C. and {Harper}, Stuart and {Ma}, Yin-Zhe and {Machado}, Telmo and {Maffei}, Bruno and {de Mericia}, Eduardo J. and {Monstein}, Christian and {Motta}, Pablo and {Otobone}, Carlos H.~N. and {Reitano}, Luiz A. and {Remazeilles}, Mathieu and {Roychowdhury}, Sambit and {Santos}, Jo{\~a}o R.~L. and {Serres}, Alexandre J.~R. and {Souza}, Andreia P. and {Strauss}, Cesar and {Vieira}, Jordany and {Xu}, Haiguang},
        title = "{The BINGO Project II: Instrument Description}",
      journal = {arXiv e-prints},
     keywords = {Astrophysics - Instrumentation and Methods for Astrophysics, Astrophysics - Cosmology and Nongalactic Astrophysics},
         year = 2021,
        month = jul,
          eid = {arXiv:2107.01634},
        pages = {arXiv:2107.01634},
archivePrefix = {arXiv},
       eprint = {2107.01634},
 primaryClass = {astro-ph.IM},
       adsurl = {https://ui.adsabs.harvard.edu/abs/2021arXiv210701634W},
      adsnote = {Provided by the SAO/NASA Astrophysics Data System}
}

@ARTICLE{2021arXiv210701635A,
       author = {{Abdalla}, Filipe B. and {Marins}, Alessandro and {Motta}, Pablo and {Abdalla}, Elcio and {Ribeiro}, Rafael M. and {Wuensche}, Carlos A. and {Delabrouille}, Jacques and {Fornazier}, Karin S.~F. and {Liccardo}, Vincenzo and {Maffei}, Bruno and {de Mericia}, Eduardo J. and {Otobone}, Carlos H.~N. and {dos Santos}, Juliana F.~R. and {Silva}, Gustavo B. and {Vieira}, Jordany and {Barretos}, Jo{\~a}o A.~M. and {Barosi}, Luciano and {Brito}, Francisco A. and {Queiroz}, Amilcar R. and {Villela}, Thyrso and {Wang}, Bin and {Costa}, Andre A. and {Ferreira}, Elisa G.~M. and {Landim}, Ricardo G. and {Paiva Novaes}, Camila and {Peel}, Michael W. and {Santos}, Larissa and {dos Santos}, Marcelo V. and {Zhang}, Jiajun},
        title = "{The BINGO Project III: Optical design and optimisation of the focal plane}",
      journal = {arXiv e-prints},
     keywords = {Astrophysics - Instrumentation and Methods for Astrophysics},
         year = 2021,
        month = jul,
          eid = {arXiv:2107.01635},
        pages = {arXiv:2107.01635},
archivePrefix = {arXiv},
       eprint = {2107.01635},
 primaryClass = {astro-ph.IM},
       adsurl = {https://ui.adsabs.harvard.edu/abs/2021arXiv210701635A},
      adsnote = {Provided by the SAO/NASA Astrophysics Data System}
}

@article{Liccardo_2021,
    doi = {10.1051/0004-6361/202140886},

    url = {https://doi.org/10.1051%2F0004-6361%2F202140886},

    year = 2021,
    month = {aug},

    publisher = {{EDP} Sciences},

    author = {V. Liccardo and E. J. de Mericia and C. A. Wuensche and E. Abdalla and F. B. Abdalla and L. Barosi and F. A. Brito and A. Queiroz and T. Villela and M. W. Peel and B. Wang and A. A. Costa and E. G. M. Ferreira and K. S. F. Fornazier and C. P. Novaes and L. Santos and M. V. dos Santos and et al},

    title = {The {BINGO} project. {IV}. Simulations for mission performance assessment and preliminary separation steps},

    journal = {Astronomy & Astrophysics}
}

@article{Zhang2022,
    doi = {10.1051/0004-6361/202140887},
    url = {https://doi.org/10.1051%2F0004-6361%2F202140887},
    year = 2022,
    month = {aug},
    publisher = {{EDP} Sciences},
    volume = {664},
    pages = {A19},
    author = {Jiajun Zhang and Pablo Motta and Camila P. Novaes and Filipe B. Abdalla and Andre A. Costa and Bin Wang and Zhenghao Zhu and Chenxi Shan and Haiguang Xu and Elcio Abdalla and Luciano Barosi and Francisco A. Brito and Amilcar Queiroz and Thyrso Villela and Carlos A. Wuensche and Elisa G. M. Ferreira and Karin S. F. Fornazier and Alessandro Marins and Larissa Santos and Marcelo Vargas dos Santos and Ricardo G. Landim and Vincenzo Liccardo},
    title = {The {BINGO} project},
    journal = {Astronomy & Astrophysics}
}
% ===================================================
% LIVROS DE REFERÊNCIA
% ---------------------------------------------------
@BOOK{trabookW,
    author = {Wilson, Thomas L. and Rohlfs, Kristen and Huttemeister, Susanne},
    title = "{Tools of Radio Astronomy}",
    year = 2009,
    doi = {10.1007/978-3-540-85122-6}
}

@BOOK{bookBaars,
    author = {Baars, Jacob},
    year = {2007},
    month = {01},
    pages = {},
    title = {The Paraboloidal Reflector Antenna in Radio Astronomy and Communication: Theory and Practice},
    isbn = {978-0-387-69733-8},
    doi = {10.1007/978-0-387-69734-5}
}


@BOOK{Milligan-2005-ModernB,
  added-at = {2014-01-13T13:57:58.000+0100},
  author = {Milligan, Thomas A},
  biburl = {https://www.bibsonomy.org/bibtex/229c76860c7e1cb2115d91719bae0350f/antmw},
  interhash = {a3417652ed9c8a66cccbd94728057e34},
  intrahash = {29c76860c7e1cb2115d91719bae0350f},
  keywords = {Antenna Book},
  publisher = {Wiley-IEEE Press},
  timestamp = {2014-05-18T14:31:59.000+0200},
  title = {Modern antenna design},
  year = 2005
}

@BOOK{Balanis-2012-antenna,
  added-at = {2014-01-13T13:57:58.000+0100},
  author = {Balanis, Constantine A},
  biburl = {https://www.bibsonomy.org/bibtex/276985e5f368f6ee75675edef4db043c0/antmw},
  interhash = {668425915a51cd426049add9eaba0e17},
  intrahash = {76985e5f368f6ee75675edef4db043c0},
  keywords = {Antenna Textbook},
  publisher = {Wiley-Interscience},
  timestamp = {2014-03-22T17:05:02.000+0100},
  title = {Antenna theory: analysis and design},
  year = 2005
}

% ===================================================
% ARTIGOS
% ---------------------------------------------------
@ARTICLE{2020RAA2069G,
       author = {{Gan}, Heng-Qian and {Jiang}, Peng and {Zhu}, Kai and {Sun}, Jing-Hai and {Yao}, Rui and {Yu}, Dong-Jun},
        title = "{Simulation of FAST EM performance for both the axial and lateral feed defocusing}",
      journal = {Research in Astronomy and Astrophysics},
     keywords = {techniques: FAST Telescope, telescope efficiency, feed position error},
         year = 2020,
        month = may,
       volume = {20},
       number = {5},
          eid = {069},
        pages = {069},
          doi = {10.1088/1674-4527/20/5/69},
       adsurl = {https://ui.adsabs.harvard.edu/abs/2020RAA....20...69G},
      adsnote = {Provided by the SAO/NASA Astrophysics Data System}
}

@INPROCEEDINGS{sorensen2010analysis,
  title={Analysis of the ALMA telescope and front-ends},
  author={S{\o}rensen, SB and Pontoppidan, K},
  booktitle={Proc. Int. Symp. Space THz Technol.},
  pages={121--127},
  year={2010}
}

@ARTICLE{pontoppidanelectromagnetic,
  title={Electromagnetic properties and optical analysis of the ALMA antennas and Front Ends Work was performed under},
  author={Pontoppidan, Knud}
}